@inproceedings{Bittau08,
author = {Andrea Bittau and Petr Marchenko and Mark Handley and Brad Karp},
title = {{Wedge: Splitting Applications into Reduced-Privilege Compartments}},
booktitle = {{NSDI}},
year = {2008},
}

@inproceedings {Baumann14,
author = {Andrew Baumann and Marcus Peinado and Galen Hunt},
title = {Shielding Applications from an Untrusted Cloud with Haven},
booktitle = {{11th USENIX Symposium on Operating Systems Design and Implementation (OSDI 14)}},
year = {2014},
month = Oct,
isbn = { 978-1-931971-16-4},
address = {Broomfield, CO},
pages = {267--283},
url = {https://www.usenix.org/conference/osdi14/technical-sessions/presentation/baumann},
publisher = {USENIX Association},
}

@manual{IntelCorporation2010,
author = {{Intel Corporation}},
title = {Intel{\textregistered} Software Guard Extensions Evaluation SDK for Windows* OS},
url = {https://software.intel.com/sites/default/files/managed/d5/e7/Intel-SGX-SDK-Users-Guide-for-Windows-OS.pdf},
year = {2010}
}

@inproceedings{Krohn2004,
author = {Krohn, Maxwell},
booktitle = {{Proceedings of the annual conference on USENIX Annual Technical Conference}},
title = {{Building secure high-performance web services with OKWS}},
url = {http://portal.acm.org/citation.cfm?id=1247415.1247430},
year = {2004}
}

@book{sslbook,
 title = {SSL and TLS: Designing and Building Secure Systems},
 author = {Eric Rescorla},
 year = {2001},
 isbn = {0-201-61598-3},
 publisher = {Addison-Wesley Longman Publishing Co., Inc.},
 address = {Boston, MA, USA},
key = {{$\!\!$}} ,
} 

@techreport{sslrfc,
author = {T. Dierks and E. Rescorla},
title = {The Transport Layer Security (TLS) Version 1.2},
Type = "{RFC}",
url = {https://tools.ietf.org/html/rfc5246},
year = {2008},
}

@TECHREPORT{tpm10,
author = {C. Latze and  U. Ultes-Nitsche},
title = {Transport Layer Security (TLS) Extensions for the Trusted Platform
Module (TPM)},
Type = "{RFC Draft}",
institution = {University of Fribourg},
year = {2010},
url = {https://tools.ietf.org/html/draft-latze-tls-tpm-extns-02}
}

@inproceedings{opensgx,
title        = {{OpenSGX: An Open Platform for SGX Research}},
author       = {Prerit Jain and  Soham Desai and Seongmin Kim and  Ming-Wei Shih and  JaeHyuk Lee and  Changho Choi and Youjung Shin and Taesoo Kim and Brent Byunghoon Kang and Dongsu Han},
booktitle    = {Proceedings of the Network and Distributed System Security Symposium},
month        = feb,
year         = 2016,
address      = {San Diego, CA},
}

@online{aws_instances,
author = {{Amazon, Inc.}},
title = {{Amazon EC2 Instance Types}},
year = 2016,
url = {https://aws.amazon.com/ec2/instance-types/},
urldate = {2016-08-25},
}
@online{fs_stats,
author = {Trustworthy Internet Movement},
title = {{SSL Pulse}},
year = 2016,
url = {https://www.trustworthyinternet.org/ssl-pulse/},
urldate = {2016-08-28},
}

@online{paints,
title = {Diffie-Hellman Key Exchange},
year = 2016,
url = {https://commons.wikimedia.org/wiki/File:Diffie-Hellman_Key_Exchange.jpg},
urldate = {2016-08-28}
}

@online{intel-eqn,
title = {Using VTune\texttrademark Amplifier XE on 2nd Gen
                  Intel\textregistered Core Family},
author = {Intel\textregistered},
year = 2016,
url = {https://software.intel.com/sites/landingpage/legacy/pdfs/Using_Intel_VTune_Amplifier_XE_on_2nd_Gen_Intel_Core_Family.pdf},
urldate = 2016-08-27
}

@inproceedings{wahbe1994efficient,
  title={Efficient software-based fault isolation},
  author={Wahbe, Robert and Lucco, Steven and Anderson, Thomas E and Graham, Susan L},
  booktitle={ACM SIGOPS Operating Systems Review},
  volume={27},
  number={5},
  pages={203--216},
  year={1994},
  organization={ACM}
}

@misc{cryptoeprint:2016:204,
    author = {Shay Gueron},
    title = {A Memory Encryption Engine Suitable for General Purpose Processors},
    howpublished = {Cryptology ePrint Archive, Report 2016/204},
    year = {2016},
    note = {\url{http://eprint.iacr.org/2016/204}},
}

@inproceedings{cyclesaes,
 author = {Gueron, Shay and Lindell, Yehuda},
 title = {GCM-SIV: Full Nonce Misuse-Resistant Authenticated Encryption at Under One Cycle Per Byte},
 booktitle = {Proceedings of the 22Nd ACM SIGSAC Conference on Computer and Communications Security},
 series = {CCS '15},
 year = {2015},
 isbn = {978-1-4503-3832-5},
 location = {Denver, Colorado, USA},
 pages = {109--119},
 numpages = {11},
 url = {http://doi.acm.org/10.1145/2810103.2813613},
 doi = {10.1145/2810103.2813613},
 acmid = {2813613},
 publisher = {ACM},
 address = {New York, NY, USA},
 keywords = {GCM, block cipher modes of operation, nonce misuse resistance},
}

@inproceedings{weidendorfer2004tool,
  title={A tool suite for simulation based analysis of memory access behavior},
  author={Weidendorfer, Josef and Kowarschik, Markus and Trinitis, Carsten},
  booktitle={International Conference on Computational Science},
  pages={440--447},
  year={2004},
  organization={Springer}
}

@misc{cloc,
  author = {Al Danial},
  title = {cloc - Count Lines of Code (v1.70)},
  url = {https://github.com/AlDanial/cloc},
  year = {2006-2016},
  urldate = 2016-09-04
}

@inproceedings{barker2007recommendation,
  title={Recommendation for pair-wise key establishment schemes using
    discrete logarithm cryptography},
  author={Barker, Elaine and Chen, Lily and Roginsky, Allen and Smid,
    Miles},
  booktitle={Technical Report; National Institute of Standards and
    Technology (NIST): Gaithersburg, MD, USA, 2006. 2012},
  year={2007},
  organization={Citeseer}
}
